@article{carlson2001discourse,
  title={Discourse tagging reference manual},
  author={Carlson, Lynn and Marcu, Daniel},
  journal={ISI Technical Report ISI-TR-545},
  volume={54},
  pages={56},
  year={2001}
}

@inproceedings{soricut2003sentence,
  title={Sentence level discourse parsing using syntactic and lexical information},
  author={Soricut, Radu and Marcu, Daniel},
  booktitle={Proceedings of the 2003 Conference of the North American Chapter of the Association for Computational Linguistics on Human Language Technology-Volume 1},
  pages={149--156},
  year={2003},
  organization={Association for Computational Linguistics}
}

@inproceedings{subba2007automatic,
  title={Automatic discourse segmentation using neural networks},
  author={Subba, Rajen and Di Eugenio, Barbara},
  booktitle={Proc. of the 11th Workshop on the Semantics and Pragmatics of Dialogue},
  pages={189--190},
  year={2007}
}

@inproceedings{inproceedings,
  author = {Hernault, Hugo and Bollegala, Danushka and Ishizuka, Mitsuru},
  year = {2010},
  month = {03},
  pages = {315-326},
  title = {A Sequential Model for Discourse Segmentation},
  doi = {10.1007/978-3-642-12116-6_26}
}

@inproceedings{bach2012reranking,
  title={A reranking model for discourse segmentation using subtree features},
  author={Bach, Ngo Xuan and Minh, Nguyen Le and Shimazu, Akira},
  booktitle={Proceedings of the 13th Annual Meeting of the Special Interest Group on Discourse and Dialogue},
  pages={160--168},
  year={2012},
  organization={Association for Computational Linguistics}
}

@article{heilman2015fast,
  title={Fast rhetorical structure theory discourse parsing},
  author={Heilman, Michael and Sagae, Kenji},
  journal={arXiv preprint arXiv:1505.02425},
  year={2015}
}

